<?xml version="1.0" encoding="UTF-8"?><collection xmlns="http://www.loc.gov/MARC21/slim"><record><leader>00570nam--2200181-i-4500</leader><controlfield tag="001">000042845</controlfield><controlfield tag="002">20161230</controlfield><controlfield tag="005">20161230201043</controlfield><controlfield tag="008">060222s1000------------r-----000-0-eng-d</controlfield><datafield ind1=" " ind2=" " tag="040"><subfield code="a">IFIN-HH</subfield></datafield><datafield ind1=" " ind2=" " tag="080"><subfield code="a">537.8</subfield></datafield><datafield ind1="1" ind2=" " tag="100"><subfield code="a">Steiner,Karl-heinz</subfield></datafield><datafield ind1="1" ind2="0" tag="245"><subfield code="a">Interactions between electromagnetic fields and matter. vieweg tracts in pure and applied physics. vol. 1</subfield><subfield code="c">Karl-heinz steiner</subfield></datafield><datafield ind1=" " ind2=" " tag="260"><subfield code="a">Oxford</subfield><subfield code="b">Pergamon Press</subfield><subfield code="c">1973</subfield></datafield><datafield ind1=" " ind2=" " tag="300"><subfield code="a">XVI + 352 P</subfield></datafield><datafield ind1=" " ind2=" " tag="490"><subfield code="a">Vieweg Tracts In Pure And Applied Physics, 1</subfield></datafield><datafield ind1=" " ind2=" " tag="852"><subfield code="a">41370</subfield><subfield code="c">53</subfield></datafield><datafield ind1=" " ind2=" " tag="CAT"><subfield code="a">Sys</subfield><subfield code="c">20150319</subfield><subfield code="h">081041</subfield></datafield></record></collection>